<?xml version="1.0" encoding="UTF-8"?><record xmlns="http://www.loc.gov/MARC21/slim" xmlns:cinclude="http://apache.org/cocoon/include/1.0" xmlns:zs="http://www.loc.gov/zing/srw/">
  <leader>00568nz  a2200121n  4500</leader>
  <controlfield tag="001">n 2002112861</controlfield>
  <controlfield tag="003">DLC</controlfield>
  <controlfield tag="005">20020924153551.0</controlfield>
  <controlfield tag="008">020924n| acannaabn          |n ana      </controlfield>
  <datafield tag="010" ind1=" " ind2=" ">
    <subfield code="a">n 2002112861</subfield>
  </datafield>
  <datafield tag="040" ind1=" " ind2=" ">
    <subfield code="a">DLC</subfield>
    <subfield code="b">eng</subfield>
    <subfield code="c">DLC</subfield>
  </datafield>
  <datafield tag="110" ind1="1" ind2=" ">
    <subfield code="a">Spain.</subfield>
    <subfield code="t">Ley 38/1999, de 5 de noviembre, de ordenación de la edificación</subfield>
  </datafield>
  <datafield tag="670" ind1=" " ind2=" ">
    <subfield code="a">Rocha García, Ernesto de la. Ley 38/1999, de 5 de noviembre, de ordenación de la edificación, 2000:</subfield>
    <subfield code="b">at head of law, p. 117 (Ley 38/1999, de 5 de noviembre, de ordenación de la edificación) p. 112 (entra en vigor el 6 de mayo del año 2000)</subfield>
  </datafield>
</record>